@article{Committee2016,
  title={2017 - 2020 CODE OF POINTS},
  author={FIG Executive Committee},
  pages={83},
  year={2016},
}
